@Book{xie2015,
  title = {Dynamic Documents with {R} and knitr},
  author = {Yihui Xie},
  publisher = {Chapman and Hall/CRC},
  address = {Boca Raton, Florida},
  year = {2015},
  edition = {2nd},
  note = {ISBN 978-1498716963},
  url = {http://yihui.org/knitr/},
}

@article{toledo2020cognitive,
  title={Cognitive map--based navigation in wild bats revealed by a new high-throughput tracking system},
  author={Toledo, Sivan and Shohami, David and Schiffner, Ingo and Lourie, Emmanuel and Orchan, Yotam and Bartan, Yoav and Nathan, Ran},
  journal={Science},
  volume={369},
  number={6500},
  pages={188--193},
  year={2020},
  publisher={American Association for the Advancement of Science}
}

@article{harten2020ontogeny,
  title={The ontogeny of a mammalian cognitive map in the real world},
  author={Harten, Lee and Katz, Amitay and Goldshtein, Aya and Handel, Michal and Yovel, Yossi},
  journal={Science},
  volume={369},
  number={6500},
  pages={194--197},
  year={2020},
  publisher={American Association for the Advancement of Science}
}


@article{wikelskiearthquake2020,
author = {Wikelski, Martin and Mueller, Uschi and Scocco, Paola and Catorci, Andrea and Desinov, Lev V. and Belyaev, Mikhail Y. and Keim, Daniel and Pohlmeier, Winfried and Fechteler, Gerhard and Martin Mai, P.},
title = {Potential short-term earthquake forecasting by farm animal monitoring},
journal = {Ethology},
volume = {n/a},
number = {n/a},
pages = {},
keywords = {collective behavior, disaster, earthquake, emergent sensing, forecasting},
year = {2020},
doi = {10.1111/eth.13078},
url = {https://onlinelibrary.wiley.com/doi/abs/10.1111/eth.13078},
eprint = {https://onlinelibrary.wiley.com/doi/pdf/10.1111/eth.13078},
}

@article{ratcliffe2004conspecifics,
  title={Conspecifics influence call design in the Brazilian free-tailed bat, Tadarida brasiliensis},
  author={Ratcliffe, John M and Hofstede, Hannah M ter and Avila-Flores, Rafa and Fenton, M Brock and McCracken, Gary F and Biscardi, Stephania and Blasko, Jennifer and Gillam, Erin and Orprecio, Jasmine and Spanjer, Genvieve},
  journal={Canadian Journal of Zoology},
  volume={82},
  number={6},
  pages={966--971},
  year={2004},
  publisher={NRC Research Press}
}

